@Misc{commkernelanduser,
title = {TLDP - Communication between user space and kernel space},
author = {Ariane Keller},
url = {http://wiki.tldp.org/kernel_user_space_howto}
}
@book{silberschatz2014operating,
  title={Operating system concepts essentials},
  author={Silberschatz, Abraham and Galvin, Peter Baer and Gagne, Greg},
  year={2014},
  publisher={John Wiley \& Sons, Inc.}
}
@article{fidge1991logical,
  title={Logical time in distributed computing systems},
  author={Fidge, Colin},
  journal={Computer},
  volume={24},
  number={8},
  pages={28--33},
  year={1991},
  publisher={IEEE}
}
@book{ghezzi2002fundamentals,
  title={Fundamentals of software engineering},
  author={Ghezzi, Carlo and Jazayeri, Mehdi and Mandrioli, Dino},
  year={2002},
  publisher={Prentice Hall PTR}
}
@book{carver2005modern,
  title={Modern multithreading: implementing, testing, and debugging multithreaded Java and C++/Pthreads/Win32 programs},
  author={Carver, Richard H and Tai, Kuo-Chung},
  year={2005},
  publisher={John Wiley \& Sons}
}
@article{lopez2017study,
  title={A Study of Concurrency Bugs and Advanced Development Support for Actor-based Programs},
  author={Lopez, Carmen Torres and Marr, Stefan and M{\"o}ssenb{\"o}ck, Hanspeter and Boix, Elisa Gonzalez},
  journal={arXiv preprint arXiv:1706.07372},
  year={2017}
}
@article{coffman_cond,
  title={System deadlocks},
  author={Coffman, Edward G and Elphick, Melanie and Shoshani, Arie},
  journal={ACM Computing Surveys (CSUR)},
  volume={3},
  number={2},
  pages={67--78},
  year={1971},
  publisher={ACM}
}
@book{berard2013systems,
  title={Systems and software verification: model-checking techniques and tools},
  author={B{\'e}rard, B{\'e}atrice and Bidoit, Michel and Finkel, Alain and Laroussinie, Fran{\c{c}}ois and Petit, Antoine and Petrucci, Laure and Schnoebelen, Philippe},
  year={2013},
  publisher={Springer Science \& Business Media}
}
@book{holzmann2003spin,
  title={Spin model checker, the: primer and reference manual},
  author={Holzmann, Gerard},
  year={2003},
  publisher={Addison-Wesley Professional}
}
@article{chaki2005concurrent,
  title={Concurrent software verification with states, events, and deadlocks},
  author={Chaki, Sagar and Clarke, Edmund and Ouaknine, Jo{\"e}l and Sharygina, Natasha and Sinha, Nishant},
  journal={Formal Aspects of Computing},
  volume={17},
  number={4},
  pages={461--483},
  year={2005},
  publisher={Springer}
}
@article{d2008survey,
  title={A survey of automated techniques for formal software verification},
  author={D'silva, Vijay and Kroening, Daniel and Weissenbacher, Georg},
  journal={IEEE Transactions on Computer-Aided Design of Integrated Circuits and Systems},
  volume={27},
  number={7},
  pages={1165--1178},
  year={2008},
  publisher={IEEE}
}
@book{model_check,
  title={Model checking},
  author={Clarke, Edmund M and Grumberg, Orna and Peled, Doron},
  year={1999},
  publisher={MIT press}
}
@book{model_checking_principles,
  title={Principles of model checking},
  author={Baier, Christel and Katoen, Joost-Pieter and Larsen, Kim Guldstrand},
  year={2008},
  publisher={MIT press}
}
@incollection{sym_model_check,
  title={Symbolic model checking},
  author={McMillan, Kenneth L},
  booktitle={Symbolic Model Checking},
  pages={25--60},
  year={1993},
  publisher={Springer}
}
@inproceedings{dynamic_por,
  title={Dynamic partial-order reduction for model checking software},
  author={Flanagan, Cormac and Godefroid, Patrice},
  booktitle={ACM Sigplan Notices},
  volume={40},
  number={1},
  pages={110--121},
  year={2005},
  organization={ACM}
}
@inproceedings{por_bounded,
  title={Partial orders for efficient bounded model checking of concurrent software},
  author={Alglave, Jade and Kroening, Daniel and Tautschnig, Michael},
  booktitle={International Conference on Computer Aided Verification},
  pages={141--157},
  year={2013},
  organization={Springer}
}
@inproceedings{por10yrs,
  title={Ten years of partial order reduction},
  author={Peled, Doron},
  booktitle={Computer Aided Verification},
  pages={17--28},
  year={1998},
  organization={Springer}
}
@inproceedings{por_sym,
  title={Partial-order reduction in symbolic state space exploration},
  author={Alur, Rajeev and Brayton, Robert K and Henzinger, Thomas A and Qadeer, Shaz and Rajamani, Sriram K},
  booktitle={International Conference on Computer Aided Verification},
  pages={340--351},
  year={1997},
  organization={Springer}
}
@inproceedings{por_repr,
  title={All from one, one for all: on model checking using representatives},
  author={Peled, Doron},
  booktitle={International Conference on Computer Aided Verification},
  pages={409--423},
  year={1993},
  organization={Springer}
}
@inproceedings{mazurkiewicz1986trace,
  title={Trace theory},
  author={Mazurkiewicz, Antoni},
  booktitle={Advanced course on Petri nets},
  pages={278--324},
  year={1986},
  organization={Springer}
}
@inproceedings{biere1999symbolic,
  title={Symbolic model checking without BDDs},
  author={Biere, Armin and Cimatti, Alessandro and Clarke, Edmund and Zhu, Yunshan},
  booktitle={International conference on tools and algorithms for the construction and analysis of systems},
  pages={193--207},
  year={1999},
  organization={Springer}
}
@inproceedings{coredet,
  title={CoreDet: a compiler and runtime system for deterministic multithreaded execution},
  author={Bergan, Tom and Anderson, Owen and Devietti, Joseph and Ceze, Luis and Grossman, Dan},
  booktitle={ACM SIGARCH Computer Architecture News},
  volume={38},
  number={1},
  pages={53--64},
  year={2010},
  organization={ACM}
}
@inproceedings{parrot,
  title={Parrot: a practical runtime for deterministic, stable, and reliable threads},
  author={Cui, Heming and Simsa, Jiri and Lin, Yi-Hong and Li, Hao and Blum, Ben and Xu, Xinan and Yang, Junfeng and Gibson, Garth A and Bryant, Randal E},
  booktitle={Proceedings of the Twenty-Fourth ACM Symposium on Operating Systems Principles},
  pages={388--405},
  year={2013},
  organization={ACM}
}
@article{kendo,
  title={Kendo: efficient deterministic multithreading in software},
  author={Olszewski, Marek and Ansel, Jason and Amarasinghe, Saman},
  journal={ACM Sigplan Notices},
  volume={44},
  number={3},
  pages={97--108},
  year={2009},
  publisher={ACM}
}
@inproceedings{grace,
  title={Grace: Safe multithreaded programming for C/C++},
  author={Berger, Emery D and Yang, Ting and Liu, Tongping and Novark, Gene},
  booktitle={ACM sigplan notices},
  volume={44},
  number={10},
  pages={81--96},
  year={2009},
  organization={ACM}
}
@inproceedings{dthreads,
  title={Dthreads: efficient deterministic multithreading},
  author={Liu, Tongping and Curtsinger, Charlie and Berger, Emery D},
  booktitle={Proceedings of the Twenty-Third ACM Symposium on Operating Systems Principles},
  pages={327--336},
  year={2011},
  organization={ACM}
}
@inproceedings{metzler2017quick,
  title={Quick verification of concurrent programs by iteratively relaxed scheduling},
  author={Metzler, Patrick and Saissi, Habib and Bokor, P{\'e}ter and Suri, Neeraj},
  booktitle={Proceedings of the 32nd IEEE/ACM International Conference on Automated Software Engineering},
  pages={776--781},
  year={2017},
  organization={IEEE Press}
}
@inproceedings{parsec,
  title={The PARSEC benchmark suite: Characterization and architectural implications},
  author={Bienia, Christian and Kumar, Sanjeev and Singh, Jaswinder Pal and Li, Kai},
  booktitle={Proceedings of the 17th international conference on Parallel architectures and compilation techniques},
  pages={72--81},
  year={2008},
  organization={ACM}
}
@inproceedings{splash2,
  title={The SPLASH-2 programs: Characterization and methodological considerations},
  author={Woo, Steven Cameron and Ohara, Moriyoshi and Torrie, Evan and Singh, Jaswinder Pal and Gupta, Anoop},
  booktitle={Computer Architecture, 1995. Proceedings., 22nd Annual International Symposium on},
  pages={24--36},
  year={1995},
  organization={IEEE}
}
@article{abdulla2014optimal,
  title={Optimal dynamic partial order reduction},
  author={Abdulla, Parosh and Aronis, Stavros and Jonsson, Bengt and Sagonas, Konstantinos},
  journal={ACM SIGPLAN Notices},
  volume={49},
  number={1},
  pages={373--384},
  year={2014},
  publisher={ACM}
}