@book{ghezzi2002fundamentals,
  title={Fundamentals of software engineering},
  author={Ghezzi, Carlo and Jazayeri, Mehdi and Mandrioli, Dino},
  year={2002},
  publisher={Prentice Hall PTR}
}
@book{berard2013systems,
  title={Systems and software verification: model-checking techniques and tools},
  author={B{\'e}rard, B{\'e}atrice and Bidoit, Michel and Finkel, Alain and Laroussinie, Fran{\c{c}}ois and Petit, Antoine and Petrucci, Laure and Schnoebelen, Philippe},
  year={2013},
  publisher={Springer Science \& Business Media}
}
@book{holzmann2003spin,
  title={Spin model checker, the: primer and reference manual},
  author={Holzmann, Gerard},
  year={2003},
  publisher={Addison-Wesley Professional}
}
@article{chaki2005concurrent,
  title={Concurrent software verification with states, events, and deadlocks},
  author={Chaki, Sagar and Clarke, Edmund and Ouaknine, Jo{\"e}l and Sharygina, Natasha and Sinha, Nishant},
  journal={Formal Aspects of Computing},
  volume={17},
  number={4},
  pages={461--483},
  year={2005},
  publisher={Springer}
}
@article{d2008survey,
  title={A survey of automated techniques for formal software verification},
  author={D'silva, Vijay and Kroening, Daniel and Weissenbacher, Georg},
  journal={IEEE Transactions on Computer-Aided Design of Integrated Circuits and Systems},
  volume={27},
  number={7},
  pages={1165--1178},
  year={2008},
  publisher={IEEE}
}
@inproceedings{alglave2013partial,
  title={Partial orders for efficient bounded model checking of concurrent software},
  author={Alglave, Jade and Kroening, Daniel and Tautschnig, Michael},
  booktitle={International Conference on Computer Aided Verification},
  pages={141--157},
  year={2013},
  organization={Springer}
}
@inproceedings{bergan2010coredet,
  title={CoreDet: a compiler and runtime system for deterministic multithreaded execution},
  author={Bergan, Tom and Anderson, Owen and Devietti, Joseph and Ceze, Luis and Grossman, Dan},
  booktitle={ACM SIGARCH Computer Architecture News},
  volume={38},
  number={1},
  pages={53--64},
  year={2010},
  organization={ACM}
}
@inproceedings{cui2013parrot,
  title={Parrot: a practical runtime for deterministic, stable, and reliable threads},
  author={Cui, Heming and Simsa, Jiri and Lin, Yi-Hong and Li, Hao and Blum, Ben and Xu, Xinan and Yang, Junfeng and Gibson, Garth A and Bryant, Randal E},
  booktitle={Proceedings of the Twenty-Fourth ACM Symposium on Operating Systems Principles},
  pages={388--405},
  year={2013},
  organization={ACM}
}
@article{olszewski2009kendo,
  title={Kendo: efficient deterministic multithreading in software},
  author={Olszewski, Marek and Ansel, Jason and Amarasinghe, Saman},
  journal={ACM Sigplan Notices},
  volume={44},
  number={3},
  pages={97--108},
  year={2009},
  publisher={ACM}
}
@inproceedings{berger2009grace,
  title={Grace: Safe multithreaded programming for C/C++},
  author={Berger, Emery D and Yang, Ting and Liu, Tongping and Novark, Gene},
  booktitle={ACM sigplan notices},
  volume={44},
  number={10},
  pages={81--96},
  year={2009},
  organization={ACM}
}
@inproceedings{metzler2017quick,
  title={Quick verification of concurrent programs by iteratively relaxed scheduling},
  author={Metzler, Patrick and Saissi, Habib and Bokor, P{\'e}ter and Suri, Neeraj},
  booktitle={Proceedings of the 32nd IEEE/ACM International Conference on Automated Software Engineering},
  pages={776--781},
  year={2017},
  organization={IEEE Press}
}
@inproceedings{bienia2008parsec,
  title={The PARSEC benchmark suite: Characterization and architectural implications},
  author={Bienia, Christian and Kumar, Sanjeev and Singh, Jaswinder Pal and Li, Kai},
  booktitle={Proceedings of the 17th international conference on Parallel architectures and compilation techniques},
  pages={72--81},
  year={2008},
  organization={ACM}
}
@inproceedings{woo1995splash,
  title={The SPLASH-2 programs: Characterization and methodological considerations},
  author={Woo, Steven Cameron and Ohara, Moriyoshi and Torrie, Evan and Singh, Jaswinder Pal and Gupta, Anoop},
  booktitle={Computer Architecture, 1995. Proceedings., 22nd Annual International Symposium on},
  pages={24--36},
  year={1995},
  organization={IEEE}
}